%% This BibTeX bibliography file was created using BibDesk.
%% http://bibdesk.sourceforge.net/


%% Created for Emi at 2015-10-15 00:51:51 -0500 


%% Saved with string encoding Unicode (UTF-8) 



@article{Bia2015,
	Author = {Biasse, Jean-Fran{\c{c}}ois and Song, Fang},
	Date-Added = {2015-10-15 05:39:22 +0000},
	Date-Modified = {2015-10-15 05:39:32 +0000},
	Title = {On the quantum attacks against schemes relying on the hardness of finding a short generator of an ideal in Q ($\zeta$pn)},
	Year = {2015}}

@inproceedings{App2010,
	Author = {Applebaum, Benny and Barak, Boaz and Wigderson, Avi},
	Booktitle = {Proceedings of the forty-second ACM symposium on Theory of computing},
	Date-Added = {2015-10-15 05:38:13 +0000},
	Date-Modified = {2015-10-15 05:38:22 +0000},
	Organization = {ACM},
	Pages = {171--180},
	Title = {Public-key cryptography from different assumptions},
	Year = {2010}}

@article{Pet2011,
	Author = {Petit, Christophe and Quisquater, Jean-Jacques and others},
	Date-Added = {2015-10-15 05:37:15 +0000},
	Date-Modified = {2015-10-15 05:37:26 +0000},
	Journal = {IACR Cryptology ePrint Archive},
	Pages = {638},
	Title = {Rubik's for cryptographers.},
	Volume = {2011},
	Year = {2011}}

@article{Sch1998,
	Author = {Schneier, Bruce},
	Date-Added = {2015-10-15 05:35:56 +0000},
	Date-Modified = {2015-10-15 05:36:08 +0000},
	Journal = {Computer},
	Number = {9},
	Pages = {29--33},
	Publisher = {IEEE},
	Rating = {5},
	Title = {Cryptographic design vulnerabilities},
	Volume = {31},
	Year = {1998}}

@mastersthesis{Str2015,
	Author = {Patrick Struck},
	Date-Added = {2015-10-15 05:34:12 +0000},
	Date-Modified = {2015-10-15 05:34:24 +0000},
	Language = {english},
	Month = jun,
	Pdf = {fileadmin/user_upload/Group_CDC/Documents/theses/Patrick_Struck.bachelor.pdf},
	Pubkey = {TUD-CS-2015-0133},
	Research_Area = {Theoretische Informatik - Kryptographie und Computeralgebra, CASED},
	Research_Sub_Area = {Secure Data},
	School = {TU Darmstadt},
	Title = {On the difference between hardness and security: a comparison of lattice-based signature schemes},
	Type = {Bachelor Thesis},
	Website = {www.cdc.informatik.tu-darmstadt.de/reports/reports/Patrick_Struck.bachelor.pdf},
	Year = {2015}}

@misc{Cra2015,
	Author = {Cramer, Ronald and Ducas, L{\'e}o and Peikert, Chris and Regev, Oded},
	Date-Added = {2015-10-15 05:30:01 +0000},
	Date-Modified = {2015-10-15 05:30:15 +0000},
	Rating = {5},
	Title = {Recovering short generators of principal ideals in cyclotomic rings},
	Year = {2015}}

@inproceedings{Cam2014,
	Author = {Campbell, Peter and Groves, Michael and Shepherd, Dan},
	Booktitle = {ETSI 2nd Quantum-Safe Crypto Workshop},
	Date-Added = {2015-10-15 05:29:33 +0000},
	Date-Modified = {2015-10-15 05:29:50 +0000},
	Rating = {4},
	Title = {Soliloquy: A cautionary tale},
	Year = {2014}}

@article{Ruc2010,
	Author = {R{\"u}ckert, Markus and Schneider, Michael},
	Date-Added = {2015-10-09 04:14:58 +0000},
	Date-Modified = {2015-10-09 04:15:29 +0000},
	Journal = {IACR Cryptology ePrint Archive},
	Pages = {137},
	Title = {Estimating the Security of Lattice-based Cryptosystems.},
	Volume = {2010},
	Year = {2010}}

@article{Kum2014,
	Author = {Kumar, V Satish and Kumar, V Trilik},
	Date-Added = {2015-10-09 03:55:39 +0000},
	Date-Modified = {2015-10-09 03:55:50 +0000},
	Journal = {Indexing Journal Indexing: Our journal has recently joined International Database for Indexing with DOAJ, Index Copernicus, Open J Gate, CAS, Google Scholar, WAME... More{\guillemotright}},
	Title = {Securing Data using Fully Homomorphic Encryption Schemes Over Cloud Computing},
	Year = {2014}}

@inproceedings{Pei2008,
	Address = {Berlin, Heidelberg},
	Author = {Peikert, Chris and Vaikuntanathan, Vinod},
	Booktitle = {CRYPTO 2008: Proceedings of the 28th Annual conference on Cryptology},
	Date-Added = {2015-10-09 03:55:02 +0000},
	Date-Modified = {2015-10-09 03:55:16 +0000},
	Doi = {http://dx.doi.org/10.1007/978-3-540-85174-5_30},
	Isbn = {978-3-540-85173-8},
	Location = {Santa Barbara, CA, USA},
	Pages = {536--553},
	Publisher = {Springer-Verlag},
	Title = {Noninteractive Statistical Zero-Knowledge Proofs for Lattice Problems},
	Year = {2008},
	Bdsk-Url-1 = {http://dx.doi.org/10.1007/978-3-540-85174-5_30}}

@incollection{Pei2014,
	Author = {Peikert, Chris},
	Booktitle = {Post-Quantum Cryptography},
	Date-Added = {2015-10-09 03:53:49 +0000},
	Date-Modified = {2015-10-09 03:53:56 +0000},
	Pages = {197--219},
	Publisher = {Springer},
	Title = {Lattice cryptography for the internet},
	Year = {2014}}

@inproceedings{Mic2012,
	Address = {Berlin, Heidelberg},
	Author = {Micciancio, Daniele and Peikert, Chris},
	Booktitle = {EUROCRYPT'12: Proceedings of the 31st Annual international conference on Theory and Applications of Cryptographic Techniques},
	Date-Added = {2015-10-09 03:53:02 +0000},
	Date-Modified = {2015-10-09 03:53:08 +0000},
	Doi = {http://dx.doi.org/10.1007/978-3-642-29011-4_41},
	Isbn = {978-3-642-29010-7},
	Location = {Cambridge, UK},
	Pages = {700--718},
	Publisher = {Springer-Verlag},
	Title = {Trapdoors for lattices: simpler, tighter, faster, smaller},
	Year = {2012},
	Bdsk-Url-1 = {http://dx.doi.org/10.1007/978-3-642-29011-4_41}}

@inproceedings{Pei2007,
	Address = {New York, NY, USA},
	Author = {Peikert, Chris and Rosen, Alon},
	Booktitle = {STOC '07: Proceedings of the thirty-ninth annual ACM symposium on Theory of computing},
	Date-Added = {2015-10-09 03:52:38 +0000},
	Date-Modified = {2015-10-09 03:52:44 +0000},
	Doi = {http://doi.acm.org/10.1145/1250790.1250860},
	Isbn = {978-1-59593-631-8},
	Location = {San Diego, California, USA},
	Pages = {478--487},
	Publisher = {ACM},
	Title = {Lattices that admit logarithmic worst-case to average-case connection factors},
	Year = {2007},
	Bdsk-Url-1 = {http://doi.acm.org/10.1145/1250790.1250860}}

@article{Sil2006,
	Author = {Silverman, Joseph H},
	Date-Added = {2015-10-09 03:52:08 +0000},
	Date-Modified = {2015-10-09 03:52:17 +0000},
	Journal = {Computational Number Theory and Applications to Cryptography, University of Wyoming, Jun},
	Title = {An Introduction to the Theory of Lattices and Applications to Cryptography},
	Year = {2006}}

@incollection{Hem2012,
	Author = {Hemenway, Brett and Ostrovsky, Rafail},
	Booktitle = {Public Key Cryptography--PKC 2012},
	Date-Added = {2015-10-09 03:49:06 +0000},
	Date-Modified = {2015-10-09 03:49:18 +0000},
	Pages = {52--65},
	Publisher = {Springer},
	Title = {On homomorphic encryption and chosen-ciphertext security},
	Year = {2012}}

@incollection{Das2013,
	Author = {Das, Angsuman and Dutta, Sabyasachi and Adhikari, Avishek},
	Booktitle = {Provable Security},
	Date-Added = {2015-10-09 03:48:22 +0000},
	Date-Modified = {2015-10-09 03:48:33 +0000},
	Pages = {104--120},
	Publisher = {Springer},
	Title = {Indistinguishability against Chosen Ciphertext Verification Attack Revisited: The Complete Picture},
	Year = {2013}}

@inproceedings{App2009,
	Address = {Berlin, Heidelberg},
	Author = {Applebaum, Benny and Cash, David and Peikert, Chris and Sahai, Amit},
	Booktitle = {CRYPTO '09: Proceedings of the 29th Annual International Cryptology Conference on Advances in Cryptology},
	Date-Added = {2015-10-09 03:47:43 +0000},
	Date-Modified = {2015-10-09 03:47:49 +0000},
	Doi = {http://dx.doi.org/10.1007/978-3-642-03356-8_35},
	Isbn = {978-3-642-03355-1},
	Location = {Santa Barbara, CA},
	Pages = {595--618},
	Publisher = {Springer-Verlag},
	Title = {Fast Cryptographic Primitives and Circular-Secure Encryption Based on Hard Learning Problems},
	Year = {2009},
	Bdsk-Url-1 = {http://dx.doi.org/10.1007/978-3-642-03356-8_35}}

@article{Arm2013,
	Acmid = {2458062},
	Address = {Norwell, MA, USA},
	Author = {Armknecht, Frederik and Katzenbeisser, Stefan and Peter, Andreas},
	Date-Added = {2015-10-09 03:47:23 +0000},
	Date-Modified = {2015-10-09 03:47:31 +0000},
	Doi = {10.1007/s10623-011-9601-2},
	Issn = {0925-1022},
	Issue_Date = {May 2013},
	Journal = {Des. Codes Cryptography},
	Keywords = {94A60, Foundations, Homomorphic encryption, IND-CCA1 security, Public-key cryptography, Subgroup membership problem, k-Linear problem},
	Month = may,
	Number = {2},
	Numpages = {24},
	Pages = {209--232},
	Publisher = {Kluwer Academic Publishers},
	Title = {Group Homomorphic Encryption: Characterizations, Impossibility Results, and Applications},
	Url = {http://dx.doi.org/10.1007/s10623-011-9601-2},
	Volume = {67},
	Year = {2013},
	Bdsk-Url-1 = {http://dx.doi.org/10.1007/s10623-011-9601-2}}

@article{Sil2013,
	Author = {Silverberg, Alice},
	Date-Added = {2015-10-09 03:46:42 +0000},
	Date-Modified = {2015-10-09 03:46:50 +0000},
	Journal = {Women in Numbers 2: Research Directions in Number Theory},
	Pages = {111},
	Publisher = {American Mathematical Soc.},
	Title = {Fully homomorphic encryption for mathematicians},
	Volume = {606},
	Year = {2013}}

@article{Reg2004,
	Acmid = {1039490},
	Address = {New York, NY, USA},
	Author = {Regev, Oded},
	Date-Added = {2015-10-09 03:46:22 +0000},
	Date-Modified = {2015-10-09 03:46:33 +0000},
	Doi = {10.1145/1039488.1039490},
	Issn = {0004-5411},
	Issue_Date = {November 2004},
	Journal = {J. ACM},
	Keywords = {Lattice, average-case hardness, cryptography, public key encryption, quantum computing},
	Month = nov,
	Number = {6},
	Numpages = {44},
	Pages = {899--942},
	Publisher = {ACM},
	Title = {New Lattice-based Cryptographic Constructions},
	Url = {http://doi.acm.org/10.1145/1039488.1039490},
	Volume = {51},
	Year = {2004},
	Bdsk-Url-1 = {http://doi.acm.org/10.1145/1039488.1039490},
	Bdsk-Url-2 = {http://dx.doi.org/10.1145/1039488.1039490}}

@article{Len1984,
	Acmid = {1089376},
	Address = {New York, NY, USA},
	Author = {Lenstra, Arjen K.},
	Date-Added = {2015-10-09 03:46:02 +0000},
	Date-Modified = {2015-10-09 03:46:10 +0000},
	Doi = {10.1145/1089369.1089376},
	Issn = {0163-5824},
	Issue_Date = {May 1984},
	Journal = {SIGSAM Bull.},
	Month = may,
	Number = {2},
	Numpages = {3},
	Pages = {16--18},
	Publisher = {ACM},
	Title = {Factorization of Polynomials},
	Url = {http://doi.acm.org/10.1145/1089369.1089376},
	Volume = {18},
	Year = {1984},
	Bdsk-Url-1 = {http://doi.acm.org/10.1145/1089369.1089376},
	Bdsk-Url-2 = {http://dx.doi.org/10.1145/1089369.1089376}}

@inproceedings{Pei2010,
	Address = {Berlin, Heidelberg},
	Author = {Peikert, Chris},
	Booktitle = {SCN'10: Proceedings of the 7th international conference on Security and cryptography for networks},
	Date-Added = {2015-10-09 03:45:43 +0000},
	Date-Modified = {2015-10-09 03:45:51 +0000},
	Isbn = {3-642-15316-X, 978-3-642-15316-7},
	Location = {Amalfi, Italy},
	Pages = {54--54},
	Publisher = {Springer-Verlag},
	Title = {Heuristics and rigor in lattice-based cryptography},
	Year = {2010}}

@article{Pei2011,
	Address = {Philadelphia, PA, USA},
	Author = {Peikert, Chris and Waters, Brent},
	Date-Added = {2015-10-09 03:45:27 +0000},
	Date-Modified = {2015-10-09 03:45:36 +0000},
	Doi = {http://dx.doi.org/10.1137/080733954},
	Issn = {0097-5397},
	Journal = {SIAM J. Comput.},
	Number = {6},
	Pages = {1803--1844},
	Publisher = {Society for Industrial and Applied Mathematics},
	Title = {Lossy Trapdoor Functions and Their Applications},
	Volume = {40},
	Year = {2011},
	Bdsk-Url-1 = {http://dx.doi.org/10.1137/080733954}}

@inproceedings{Ajt1996,
	Acmid = {237838},
	Address = {New York, NY, USA},
	Author = {Ajtai, M.},
	Booktitle = {Proceedings of the Twenty-eighth Annual ACM Symposium on Theory of Computing},
	Date-Added = {2015-10-09 03:44:44 +0000},
	Date-Modified = {2015-10-09 03:57:31 +0000},
	Doi = {10.1145/237814.237838},
	Isbn = {0-89791-785-5},
	Location = {Philadelphia, Pennsylvania, USA},
	Numpages = {10},
	Pages = {99--108},
	Publisher = {ACM},
	Series = {STOC '96},
	Title = {Generating Hard Instances of Lattice Problems (Extended Abstract)},
	Url = {http://doi.acm.org/10.1145/237814.237838},
	Year = {1996},
	Bdsk-Url-1 = {http://doi.acm.org/10.1145/237814.237838},
	Bdsk-Url-2 = {http://dx.doi.org/10.1145/237814.237838}}

@inproceedings{Pei2009,
	Address = {Berlin, Heidelberg},
	Author = {Peikert, Chris},
	Booktitle = {TCC '09: Proceedings of the 6th Theory of Cryptography Conference on Theory of Cryptography},
	Date-Added = {2015-10-09 03:43:48 +0000},
	Date-Modified = {2015-10-09 03:44:00 +0000},
	Doi = {http://dx.doi.org/10.1007/978-3-642-00457-5_5},
	Isbn = {978-3-642-00456-8},
	Location = {San Francisco, CA},
	Pages = {72--72},
	Publisher = {Springer-Verlag},
	Title = {Some Recent Progress in Lattice-Based Cryptography},
	Year = {2009},
	Bdsk-Url-1 = {http://dx.doi.org/10.1007/978-3-642-00457-5_5}}

@inproceedings{Lyu2010,
	Acmid = {2163824},
	Address = {Berlin, Heidelberg},
	Author = {Lyubashevsky, Vadim and Peikert, Chris and Regev, Oded},
	Booktitle = {Proceedings of the 29th Annual International Conference on Theory and Applications of Cryptographic Techniques},
	Date-Added = {2015-10-09 03:43:23 +0000},
	Date-Modified = {2015-10-09 03:44:11 +0000},
	Doi = {10.1007/978-3-642-13190-5_1},
	Isbn = {3-642-13189-1, 978-3-642-13189-9},
	Location = {French Riviera, France},
	Numpages = {23},
	Pages = {1--23},
	Publisher = {Springer-Verlag},
	Series = {EUROCRYPT'10},
	Title = {On Ideal Lattices and Learning with Errors over Rings},
	Url = {http://dx.doi.org/10.1007/978-3-642-13190-5_1},
	Year = {2010},
	Bdsk-Url-1 = {http://dx.doi.org/10.1007/978-3-642-13190-5_1}}

@inproceedings{Gen2009,
	Acmid = {1536440},
	Address = {New York, NY, USA},
	Author = {Gentry, Craig},
	Booktitle = {Proceedings of the Forty-first Annual ACM Symposium on Theory of Computing},
	Date-Added = {2015-10-09 03:42:46 +0000},
	Date-Modified = {2015-10-09 03:44:19 +0000},
	Doi = {10.1145/1536414.1536440},
	Isbn = {978-1-60558-506-2},
	Keywords = {fully homomorphic encryption},
	Location = {Bethesda, MD, USA},
	Numpages = {10},
	Pages = {169--178},
	Publisher = {ACM},
	Rating = {5},
	Read = {1},
	Series = {STOC '09},
	Title = {Fully Homomorphic Encryption Using Ideal Lattices},
	Url = {http://doi.acm.org/10.1145/1536414.1536440},
	Year = {2009},
	Bdsk-Url-1 = {http://doi.acm.org/10.1145/1536414.1536440},
	Bdsk-Url-2 = {http://dx.doi.org/10.1145/1536414.1536440}}

@comment{BibDesk Static Groups{
<?xml version="1.0" encoding="UTF-8"?>
<!DOCTYPE plist PUBLIC "-//Apple//DTD PLIST 1.0//EN" "http://www.apple.com/DTDs/PropertyList-1.0.dtd">
<plist version="1.0">
<array>
	<dict>
		<key>group name</key>
		<string>PJ</string>
		<key>keys</key>
		<string>Sil2006,Pei2007,Sil2013,Reg2004,Lyu2010,App2010,Ajt1996,Pei2008,Pei2014,Das2013,Pet2011,Sch1998,Pei2009,Kum2014,Hem2012,Pei2010,Arm2013,Mic2012,Len1984,Str2015,Pei2011,Gen2009,App2009,Bia2015</string>
	</dict>
	<dict>
		<key>group name</key>
		<string>pjTemps</string>
		<key>keys</key>
		<string>Sil2006,Pei2007,Sil2013,Reg2004,App2010,Lyu2010,Ajt1996,Pei2008,Das2013,Pei2014,Pet2011,Sch1998,Pei2009,Kum2014,Hem2012,Pei2010,Arm2013,Len1984,Mic2012,Str2015,Pei2011,Gen2009,App2009,Bia2015</string>
	</dict>
</array>
</plist>
}}
