% 5 November 2015 23:05:53 PM
% Bibliography File
% Style: amsrefs
% Reference Manager: BibDesk
